@misc{cantera,
    author = "David G. Goodwin and Harry K. Moffat and Ingmar Schoegl and Raymond L.
              Speth and Bryan W. Weber",
    title = "Cantera: An Object-oriented Software Toolkit for Chemical
             Kinetics, Thermodynamics, and Transport Processes",
    year = 2022,
    note = "Version 2.6.0",
    howpublished = "\url{https://www.cantera.org}",
    doi = {10.5281/zenodo.6387882}
}

@article{peng1976new,
    title={A new two-constant equation of state},
    author={Peng, Ding-Yu and Robinson, Donald B},
    journal={Industrial \& Engineering Chemistry Fundamentals},
    volume={15},
    number={1},
    pages={59--64},
    year={1976},
    publisher={ACS Publications}
}

@article{redlichkwong,
    author = {Redlich, Otto. and Kwong, J. N. S.},
    title = {On the Thermodynamics of Solutions. V. An Equation of State. Fugacities of Gaseous Solutions.},
    journal = {Chemical Reviews},
    volume = {44},
    number = {1},
    pages = {233-244},
    year = {1949},
    doi = {10.1021/cr60137a013}
}

@article{soave1972equilibrium,
    title={Equilibrium constants from a modified Redlich-Kwong equation of state},
    author={Soave, Giorgio},
    journal={Chemical engineering science},
    volume={27},
    number={6},
    pages={1197--1203},
    year={1972},
    publisher={Elsevier}
}
